% This file contains references to all topics related to 3D reconstruction.
@book{moons20093d,
    title={3D Reconstruction from Multiple Images: Principles},
    author={Moons, Theo and Van Gool, Luc and Vergauwen, Maarten},
    year={2009},
    publisher={Now Publishers Inc}
}

@article{romero2018speeded,
    title={Speeded up detection of squared fiducial markers},
    author={Romero-Ramirez, Francisco J and Mu{\~n}oz-Salinas, Rafael and Medina-Carnicer, Rafael},
    journal={Image and vision Computing},
    volume={76},
    pages={38--47},
    year={2018},
    publisher={Elsevier}
}

@book{siciliano2010robotics,
    title={Robotics: modelling, planning and control},
    author={Siciliano, Bruno and Sciavicco, Lorenzo and Villani, Luigi and Oriolo, Giuseppe},
    year={2010},
    publisher={Springer Science \& Business Media}
}

@inproceedings{jeelani2018image,
  title={Image quality affects deep learning reconstruction of MRI},
  author={Jeelani, Haris and Martin, Jonathan and Vasquez, Francis and Salerno, Michael and Weller, Daniel S},
  booktitle={2018 IEEE 15th International Symposium on Biomedical Imaging (ISBI 2018)},
  pages={357--360},
  year={2018},
  organization={IEEE}
}

@inproceedings{zhang2006midpoint,
  author={M. {Zhang} and J. {Wen} and Z. {Zhang} and J. {Zhang}},
  booktitle={2006 International Conference on Machine Learning and Cybernetics},
  title={A New Method Based on Mid -Point of Common Vertical Line to Rebuild 3D Spatial Point},
  year={2006},
  pages={3833-3836},
  doi={10.1109/ICMLC.2006.258693}
}

@Book{Hartley2004,
    author = "Hartley, R.~I. and Zisserman, A.",
    title = "Multiple View Geometry in Computer Vision",
    edition = "Second",
    year = "2004",
    publisher = "Cambridge University Press, ISBN: 0521540518"
}


@book{corke2017robotics,
    title={Robotics, vision and control: fundamental algorithms in MATLAB{\textregistered} second, completely revised},
    author={Corke, Peter},
    volume={118},
    year={2017},
    publisher={Springer}
}

@INPROCEEDINGS{qiao2017openpose,
    author={S. {Qiao} and Y. {Wang} and J. {Li}},
    booktitle={2017 10th International Congress on Image and Signal Processing, BioMedical Engineering and Informatics (CISP-BMEI)},
    title={Real-time human gesture grading based on OpenPose},
    year={2017},
    volume={},
    number={},
    pages={1-6},
    doi={10.1109/CISP-BMEI.2017.8301910}
}

@INPROCEEDINGS{zheng2018vlocaruco,
    author={J. {Zheng} and S. {Bi} and B. {Cao} and D. {Yang}},
    booktitle={2018 IEEE International Conference on Robotics and Biomimetics (ROBIO)},
    title={Visual Localization of Inspection Robot Using Extended Kalman Filter and Aruco Markers},
    year={2018},
    volume={},
    number={},
    pages={742-747},
    doi={10.1109/ROBIO.2018.8664777}
}



